Automatically generated by Mendeley Desktop 1.19.4
Any changes to this file will be lost if it is regenerated by Mendeley.

BibTeX export options can be customized via Preferences -> BibTeX in Mendeley Desktop

@book{Testgetriebene2015,
author = {Springer, Sebastian},
isbn = {978-3-86490-207-9},
keywords = {js,testing},
publisher = {dpunkt.verlag GmbH},
title = {{Testgetriebene Entwicklung mit JavaScript: Das Handbuch f{\"{u}}r den professionellen Programmierer}},
year = {2015}
}
@book{RalfWirdemann2019,
author = {{Ralf Wirdemann}},
isbn = {978-3-446-45709-6},
pages = {174},
publisher = {Carl Hansen Verlag M{\"{u}}nchen},
title = {{RESTful Go APIs}},
year = {2019}
}
@book{Springer2018,
author = {Springer, Sebastian},
edition = {3. Auflage},
isbn = {978-3-8362-6255-2},
pages = {747},
publisher = {Rheinwerk Verlag, Bonn},
title = {{Node.js}},
year = {2018}
}
@book{RobertC.Martin2018,
author = {Martin, Robert},
booktitle = {New Developers Conference},
edition = {1. Auflage},
isbn = {978-3-95845-724-9},
pages = {373},
publisher = {mitp Verlags GmbH & Co. KG, Frechen},
title = {{Clean Architecture and Design}},
year = {2013}
}
