@book{RobertC.Martin2018,
  author = {Martin, Robert C.},
  edition = {1. Auflage},
  isbn = {978-3-95845-724-9},
  publisher = {mitp Verlags GmbH \& Co. KG, Frechen},
  title = {Clean Architecture},
  year = {2018}
}
